@MISC{irstream,
author = {Microsoft},
title = {Infrared Stream - MSDN},
year = {2012},
howpublished={\url{http://msdn.microsoft.com/en-us/library/jj663793.aspx}}
}

@MISC{winSDK,
author = {David Catuhe},
title = {Programming with the Kinect for Windows Software Development Kit},
month = September
year = {2012},
howpublished={\url{http://msdn.microsoft.com/en-us/library/jj663793.aspx}}
}


@MISC{gamerev1,
author = {Gamesrader},
title = {Fighters Uncaged review | GamesRadar},
month = April,
year = {2011},
howpublished={\url{http://www.gamesradar.com/fighters-uncaged-review/}}
} 

@MISC{gamerev2,
author = {Jack DeVries},
title = {Fighters Uncaged Review | IGN},
month = November,
year = {2010},
howpublished={\url{http://www.ign.com/articles/2010/11/09/fighters-uncaged-review}}
}

@MISC{gamerev3,
author = {Metacritic},
title = {Fighters Uncaged Critic Reviews for Xbox 360},
month = jan,
year = {2011},
howpublished={\url{http://www.metacritic.com/game/xbox-360/fighters-uncaged/critic-reviews}}
}


 Jack DeVries. "Fighters Uncaged Review - IGN." 2012. 28 Apr. 2014 <http://www.ign.com/articles/2010/11/09/fighters-uncaged-review>


 "Fighters Uncaged Critic Reviews for Xbox 360 - Metacritic." 2010. 28 Apr. 2014 <http://www.metacritic.com/game/xbox-360/fighters-uncaged/critic-reviews>